%% LaTeX2e file `literatur.bib'
%% generated by the `filecontents' environment
%% from source `thesis_main' on 2021/06/28.
%%
